%YAML 1.1
%TAG !u! tag:unity3d.com,2011:
--- !u!29 &1
OcclusionCullingSettings:
  m_ObjectHideFlags: 0
  serializedVersion: 2
  m_OcclusionBakeSettings:
    smallestOccluder: 5
    smallestHole: 0.25
    backfaceThreshold: 100
  m_SceneGUID: 00000000000000000000000000000000
  m_OcclusionCullingData: {fileID: 0}
--- !u!104 &2
RenderSettings:
  m_ObjectHideFlags: 0
  serializedVersion: 9
  m_Fog: 0
  m_FogColor: {r: 0.5, g: 0.5, b: 0.5, a: 1}
  m_FogMode: 3
  m_FogDensity: 0.01
  m_LinearFogStart: 0
  m_LinearFogEnd: 300
  m_AmbientSkyColor: {r: 0.1260235, g: 0.13433014, b: 0.1509434, a: 1}
  m_AmbientEquatorColor: {r: 0.056381255, g: 0.06217513, b: 0.066037714, a: 1}
  m_AmbientGroundColor: {r: 0, g: 0, b: 0, a: 1}
  m_AmbientIntensity: 1
  m_AmbientMode: 1
  m_SubtractiveShadowColor: {r: 0.42, g: 0.478, b: 0.627, a: 1}
  m_SkyboxMaterial: {fileID: 0}
  m_HaloStrength: 0.5
  m_FlareStrength: 1
  m_FlareFadeSpeed: 3
  m_HaloTexture: {fileID: 0}
  m_SpotCookie: {fileID: 10001, guid: 0000000000000000e000000000000000, type: 0}
  m_DefaultReflectionMode: 0
  m_DefaultReflectionResolution: 128
  m_ReflectionBounces: 1
  m_ReflectionIntensity: 1
  m_CustomReflection: {fileID: 0}
  m_Sun: {fileID: 0}
  m_IndirectSpecularColor: {r: 0, g: 0, b: 0, a: 1}
  m_UseRadianceAmbientProbe: 0
--- !u!157 &3
LightmapSettings:
  m_ObjectHideFlags: 0
  serializedVersion: 11
  m_GIWorkflowMode: 1
  m_GISettings:
    serializedVersion: 2
    m_BounceScale: 1
    m_IndirectOutputScale: 1
    m_AlbedoBoost: 1
    m_TemporalCoherenceThreshold: 1
    m_EnvironmentLightingMode: 0
    m_EnableBakedLightmaps: 1
    m_EnableRealtimeLightmaps: 0
  m_LightmapEditorSettings:
    serializedVersion: 10
    m_Resolution: 2
    m_BakeResolution: 40
    m_AtlasSize: 2048
    m_AO: 0
    m_AOMaxDistance: 1
    m_CompAOExponent: 1
    m_CompAOExponentDirect: 0
    m_Padding: 2
    m_LightmapParameters: {fileID: 0}
    m_LightmapsBakeMode: 1
    m_TextureCompression: 1
    m_FinalGather: 0
    m_FinalGatherFiltering: 1
    m_FinalGatherRayCount: 256
    m_ReflectionCompression: 2
    m_MixedBakeMode: 2
    m_BakeBackend: 1
    m_PVRSampling: 1
    m_PVRDirectSampleCount: 32
    m_PVRSampleCount: 500
    m_PVRBounces: 2
    m_PVRFilterTypeDirect: 0
    m_PVRFilterTypeIndirect: 0
    m_PVRFilterTypeAO: 0
    m_PVRFilteringMode: 1
    m_PVRCulling: 1
    m_PVRFilteringGaussRadiusDirect: 1
    m_PVRFilteringGaussRadiusIndirect: 5
    m_PVRFilteringGaussRadiusAO: 2
    m_PVRFilteringAtrousPositionSigmaDirect: 0.5
    m_PVRFilteringAtrousPositionSigmaIndirect: 2
    m_PVRFilteringAtrousPositionSigmaAO: 1
    m_ShowResolutionOverlay: 1
  m_LightingDataAsset: {fileID: 112000002, guid: ff026ace6879de34ab7183ccebff947b,
    type: 2}
  m_UseShadowmask: 1
--- !u!196 &4
NavMeshSettings:
  serializedVersion: 2
  m_ObjectHideFlags: 0
  m_BuildSettings:
    serializedVersion: 2
    agentTypeID: 0
    agentRadius: 0.5
    agentHeight: 2
    agentSlope: 45
    agentClimb: 0.4
    ledgeDropHeight: 0
    maxJumpAcrossDistance: 0
    minRegionArea: 2
    manualCellSize: 0
    cellSize: 0.16666667
    manualTileSize: 0
    tileSize: 256
    accuratePlacement: 0
    debug:
      m_Flags: 0
  m_NavMeshData: {fileID: 0}
--- !u!1001 &10911643
Prefab:
  m_ObjectHideFlags: 0
  serializedVersion: 2
  m_Modification:
    m_TransformParent: {fileID: 0}
    m_Modifications:
    - target: {fileID: 4733606045118112, guid: ee9351de3be54664ab3b8cd84e3ab79b, type: 2}
      propertyPath: m_LocalPosition.x
      value: 4.8004
      objectReference: {fileID: 0}
    - target: {fileID: 4733606045118112, guid: ee9351de3be54664ab3b8cd84e3ab79b, type: 2}
      propertyPath: m_LocalPosition.y
      value: 1.815
      objectReference: {fileID: 0}
    - target: {fileID: 4733606045118112, guid: ee9351de3be54664ab3b8cd84e3ab79b, type: 2}
      propertyPath: m_LocalPosition.z
      value: -3.74
      objectReference: {fileID: 0}
    - target: {fileID: 4733606045118112, guid: ee9351de3be54664ab3b8cd84e3ab79b, type: 2}
      propertyPath: m_LocalRotation.x
      value: 0
      objectReference: {fileID: 0}
    - target: {fileID: 4733606045118112, guid: ee9351de3be54664ab3b8cd84e3ab79b, type: 2}
      propertyPath: m_LocalRotation.y
      value: -0.7071068
      objectReference: {fileID: 0}
    - target: {fileID: 4733606045118112, guid: ee9351de3be54664ab3b8cd84e3ab79b, type: 2}
      propertyPath: m_LocalRotation.z
      value: 0
      objectReference: {fileID: 0}
    - target: {fileID: 4733606045118112, guid: ee9351de3be54664ab3b8cd84e3ab79b, type: 2}
      propertyPath: m_LocalRotation.w
      value: 0.7071068
      objectReference: {fileID: 0}
    - target: {fileID: 4733606045118112, guid: ee9351de3be54664ab3b8cd84e3ab79b, type: 2}
      propertyPath: m_RootOrder
      value: 20
      objectReference: {fileID: 0}
    - target: {fileID: 1438999240611212, guid: ee9351de3be54664ab3b8cd84e3ab79b, type: 2}
      propertyPath: m_Name
      value: Candelabra (8)
      objectReference: {fileID: 0}
    - target: {fileID: 4733606045118112, guid: ee9351de3be54664ab3b8cd84e3ab79b, type: 2}
      propertyPath: m_LocalEulerAnglesHint.y
      value: -90
      objectReference: {fileID: 0}
    m_RemovedComponents: []
  m_SourcePrefab: {fileID: 100100000, guid: ee9351de3be54664ab3b8cd84e3ab79b, type: 2}
  m_IsPrefabAsset: 0
--- !u!1001 &68321999
Prefab:
  m_ObjectHideFlags: 0
  serializedVersion: 2
  m_Modification:
    m_TransformParent: {fileID: 2116280324}
    m_Modifications:
    - target: {fileID: 4162652516805250, guid: 5ada688e30df70d408e52a4adcfbc87c, type: 2}
      propertyPath: m_LocalPosition.x
      value: -250.4
      objectReference: {fileID: 0}
    - target: {fileID: 4162652516805250, guid: 5ada688e30df70d408e52a4adcfbc87c, type: 2}
      propertyPath: m_LocalPosition.y
      value: 0
      objectReference: {fileID: 0}
    - target: {fileID: 4162652516805250, guid: 5ada688e30df70d408e52a4adcfbc87c, type: 2}
      propertyPath: m_LocalPosition.z
      value: -265
      objectReference: {fileID: 0}
    - target: {fileID: 4162652516805250, guid: 5ada688e30df70d408e52a4adcfbc87c, type: 2}
      propertyPath: m_LocalRotation.x
      value: -0
      objectReference: {fileID: 0}
    - target: {fileID: 4162652516805250, guid: 5ada688e30df70d408e52a4adcfbc87c, type: 2}
      propertyPath: m_LocalRotation.y
      value: -0
      objectReference: {fileID: 0}
    - target: {fileID: 4162652516805250, guid: 5ada688e30df70d408e52a4adcfbc87c, type: 2}
      propertyPath: m_LocalRotation.z
      value: -0
      objectReference: {fileID: 0}
    - target: {fileID: 4162652516805250, guid: 5ada688e30df70d408e52a4adcfbc87c, type: 2}
      propertyPath: m_LocalRotation.w
      value: 1
      objectReference: {fileID: 0}
    - target: {fileID: 4162652516805250, guid: 5ada688e30df70d408e52a4adcfbc87c, type: 2}
      propertyPath: m_RootOrder
      value: 1
      objectReference: {fileID: 0}
    - target: {fileID: 1557280523974654, guid: 5ada688e30df70d408e52a4adcfbc87c, type: 2}
      propertyPath: m_Name
      value: WoodDoor (1)
      objectReference: {fileID: 0}
    - target: {fileID: 4162652516805250, guid: 5ada688e30df70d408e52a4adcfbc87c, type: 2}
      propertyPath: m_LocalScale.x
      value: 1
      objectReference: {fileID: 0}
    - target: {fileID: 4162652516805250, guid: 5ada688e30df70d408e52a4adcfbc87c, type: 2}
      propertyPath: m_LocalScale.y
      value: 1
      objectReference: {fileID: 0}
    - target: {fileID: 4162652516805250, guid: 5ada688e30df70d408e52a4adcfbc87c, type: 2}
      propertyPath: m_LocalScale.z
      value: 1
      objectReference: {fileID: 0}
    - target: {fileID: 1417684899567180, guid: 5ada688e30df70d408e52a4adcfbc87c, type: 2}
      propertyPath: m_StaticEditorFlags
      value: 4294967295
      objectReference: {fileID: 0}
    - target: {fileID: 1557280523974654, guid: 5ada688e30df70d408e52a4adcfbc87c, type: 2}
      propertyPath: m_StaticEditorFlags
      value: 4294967295
      objectReference: {fileID: 0}
    - target: {fileID: 1266226302974040, guid: 5ada688e30df70d408e52a4adcfbc87c, type: 2}
      propertyPath: m_StaticEditorFlags
      value: 4294967295
      objectReference: {fileID: 0}
    m_RemovedComponents: []
  m_SourcePrefab: {fileID: 100100000, guid: 5ada688e30df70d408e52a4adcfbc87c, type: 2}
  m_IsPrefabAsset: 0
--- !u!1001 &77190604
Prefab:
  m_ObjectHideFlags: 0
  serializedVersion: 2
  m_Modification:
    m_TransformParent: {fileID: 0}
    m_Modifications:
    - target: {fileID: 4733606045118112, guid: ee9351de3be54664ab3b8cd84e3ab79b, type: 2}
      propertyPath: m_LocalPosition.x
      value: -3.205
      objectReference: {fileID: 0}
    - target: {fileID: 4733606045118112, guid: ee9351de3be54664ab3b8cd84e3ab79b, type: 2}
      propertyPath: m_LocalPosition.y
      value: 1.815
      objectReference: {fileID: 0}
    - target: {fileID: 4733606045118112, guid: ee9351de3be54664ab3b8cd84e3ab79b, type: 2}
      propertyPath: m_LocalPosition.z
      value: -5.807
      objectReference: {fileID: 0}
    - target: {fileID: 4733606045118112, guid: ee9351de3be54664ab3b8cd84e3ab79b, type: 2}
      propertyPath: m_LocalRotation.x
      value: 0
      objectReference: {fileID: 0}
    - target: {fileID: 4733606045118112, guid: ee9351de3be54664ab3b8cd84e3ab79b, type: 2}
      propertyPath: m_LocalRotation.y
      value: 0.7071068
      objectReference: {fileID: 0}
    - target: {fileID: 4733606045118112, guid: ee9351de3be54664ab3b8cd84e3ab79b, type: 2}
      propertyPath: m_LocalRotation.z
      value: 0
      objectReference: {fileID: 0}
    - target: {fileID: 4733606045118112, guid: ee9351de3be54664ab3b8cd84e3ab79b, type: 2}
      propertyPath: m_LocalRotation.w
      value: 0.7071068
      objectReference: {fileID: 0}
    - target: {fileID: 4733606045118112, guid: ee9351de3be54664ab3b8cd84e3ab79b, type: 2}
      propertyPath: m_RootOrder
      value: 19
      objectReference: {fileID: 0}
    - target: {fileID: 1438999240611212, guid: ee9351de3be54664ab3b8cd84e3ab79b, type: 2}
      propertyPath: m_Name
      value: Candelabra (7)
      objectReference: {fileID: 0}
    m_RemovedComponents: []
  m_SourcePrefab: {fileID: 100100000, guid: ee9351de3be54664ab3b8cd84e3ab79b, type: 2}
  m_IsPrefabAsset: 0
--- !u!1001 &77836992
Prefab:
  m_ObjectHideFlags: 0
  serializedVersion: 2
  m_Modification:
    m_TransformParent: {fileID: 0}
    m_Modifications:
    - target: {fileID: 4372306359170492, guid: c58a8d692b41e8742beb57ff6c9ef97d, type: 2}
      propertyPath: m_LocalPosition.x
      value: 0
      objectReference: {fileID: 0}
    - target: {fileID: 4372306359170492, guid: c58a8d692b41e8742beb57ff6c9ef97d, type: 2}
      propertyPath: m_LocalPosition.y
      value: 0
      objectReference: {fileID: 0}
    - target: {fileID: 4372306359170492, guid: c58a8d692b41e8742beb57ff6c9ef97d, type: 2}
      propertyPath: m_LocalPosition.z
      value: -6.05
      objectReference: {fileID: 0}
    - target: {fileID: 4372306359170492, guid: c58a8d692b41e8742beb57ff6c9ef97d, type: 2}
      propertyPath: m_LocalRotation.x
      value: 0
      objectReference: {fileID: 0}
    - target: {fileID: 4372306359170492, guid: c58a8d692b41e8742beb57ff6c9ef97d, type: 2}
      propertyPath: m_LocalRotation.y
      value: -0
      objectReference: {fileID: 0}
    - target: {fileID: 4372306359170492, guid: c58a8d692b41e8742beb57ff6c9ef97d, type: 2}
      propertyPath: m_LocalRotation.z
      value: -0
      objectReference: {fileID: 0}
    - target: {fileID: 4372306359170492, guid: c58a8d692b41e8742beb57ff6c9ef97d, type: 2}
      propertyPath: m_LocalRotation.w
      value: 1
      objectReference: {fileID: 0}
    - target: {fileID: 4372306359170492, guid: c58a8d692b41e8742beb57ff6c9ef97d, type: 2}
      propertyPath: m_RootOrder
      value: 1
      objectReference: {fileID: 0}
    m_RemovedComponents: []
  m_SourcePrefab: {fileID: 100100000, guid: c58a8d692b41e8742beb57ff6c9ef97d, type: 2}
  m_IsPrefabAsset: 0
--- !u!1001 &140953456
Prefab:
  m_ObjectHideFlags: 0
  serializedVersion: 2
  m_Modification:
    m_TransformParent: {fileID: 0}
    m_Modifications:
    - target: {fileID: 4733606045118112, guid: ee9351de3be54664ab3b8cd84e3ab79b, type: 2}
      propertyPath: m_LocalPosition.x
      value: 2.5507
      objectReference: {fileID: 0}
    - target: {fileID: 4733606045118112, guid: ee9351de3be54664ab3b8cd84e3ab79b, type: 2}
      propertyPath: m_LocalPosition.y
      value: 1.815
      objectReference: {fileID: 0}
    - target: {fileID: 4733606045118112, guid: ee9351de3be54664ab3b8cd84e3ab79b, type: 2}
      propertyPath: m_LocalPosition.z
      value: 8.489
      objectReference: {fileID: 0}
    - target: {fileID: 4733606045118112, guid: ee9351de3be54664ab3b8cd84e3ab79b, type: 2}
      propertyPath: m_LocalRotation.x
      value: 0
      objectReference: {fileID: 0}
    - target: {fileID: 4733606045118112, guid: ee9351de3be54664ab3b8cd84e3ab79b, type: 2}
      propertyPath: m_LocalRotation.y
      value: -0.7071068
      objectReference: {fileID: 0}
    - target: {fileID: 4733606045118112, guid: ee9351de3be54664ab3b8cd84e3ab79b, type: 2}
      propertyPath: m_LocalRotation.z
      value: 0
      objectReference: {fileID: 0}
    - target: {fileID: 4733606045118112, guid: ee9351de3be54664ab3b8cd84e3ab79b, type: 2}
      propertyPath: m_LocalRotation.w
      value: 0.7071068
      objectReference: {fileID: 0}
    - target: {fileID: 4733606045118112, guid: ee9351de3be54664ab3b8cd84e3ab79b, type: 2}
      propertyPath: m_RootOrder
      value: 13
      objectReference: {fileID: 0}
    - target: {fileID: 4733606045118112, guid: ee9351de3be54664ab3b8cd84e3ab79b, type: 2}
      propertyPath: m_LocalEulerAnglesHint.y
      value: -90
      objectReference: {fileID: 0}
    - target: {fileID: 1438999240611212, guid: ee9351de3be54664ab3b8cd84e3ab79b, type: 2}
      propertyPath: m_Name
      value: Candelabra (4)
      objectReference: {fileID: 0}
    - target: {fileID: 1250482691931686, guid: ee9351de3be54664ab3b8cd84e3ab79b, type: 2}
      propertyPath: m_StaticEditorFlags
      value: 4294967295
      objectReference: {fileID: 0}
    - target: {fileID: 1547419741641306, guid: ee9351de3be54664ab3b8cd84e3ab79b, type: 2}
      propertyPath: m_StaticEditorFlags
      value: 4294967295
      objectReference: {fileID: 0}
    - target: {fileID: 1438999240611212, guid: ee9351de3be54664ab3b8cd84e3ab79b, type: 2}
      propertyPath: m_StaticEditorFlags
      value: 4294967295
      objectReference: {fileID: 0}
    - target: {fileID: 1020839142420196, guid: ee9351de3be54664ab3b8cd84e3ab79b, type: 2}
      propertyPath: m_StaticEditorFlags
      value: 4294967295
      objectReference: {fileID: 0}
    m_RemovedComponents: []
  m_SourcePrefab: {fileID: 100100000, guid: ee9351de3be54664ab3b8cd84e3ab79b, type: 2}
  m_IsPrefabAsset: 0
--- !u!4 &299672515 stripped
Transform:
  m_CorrespondingSourceObject: {fileID: 4616417848752936, guid: dd3c1492f866bad4492cacdbfd96553d,
    type: 2}
  m_PrefabInternal: {fileID: 843107269}
--- !u!1001 &342283172
Prefab:
  m_ObjectHideFlags: 0
  serializedVersion: 2
  m_Modification:
    m_TransformParent: {fileID: 0}
    m_Modifications:
    - target: {fileID: 4733606045118112, guid: ee9351de3be54664ab3b8cd84e3ab79b, type: 2}
      propertyPath: m_LocalPosition.x
      value: 2.015
      objectReference: {fileID: 0}
    - target: {fileID: 4733606045118112, guid: ee9351de3be54664ab3b8cd84e3ab79b, type: 2}
      propertyPath: m_LocalPosition.y
      value: 1.815
      objectReference: {fileID: 0}
    - target: {fileID: 4733606045118112, guid: ee9351de3be54664ab3b8cd84e3ab79b, type: 2}
      propertyPath: m_LocalPosition.z
      value: -7.3336005
      objectReference: {fileID: 0}
    - target: {fileID: 4733606045118112, guid: ee9351de3be54664ab3b8cd84e3ab79b, type: 2}
      propertyPath: m_LocalRotation.x
      value: 0
      objectReference: {fileID: 0}
    - target: {fileID: 4733606045118112, guid: ee9351de3be54664ab3b8cd84e3ab79b, type: 2}
      propertyPath: m_LocalRotation.y
      value: 0
      objectReference: {fileID: 0}
    - target: {fileID: 4733606045118112, guid: ee9351de3be54664ab3b8cd84e3ab79b, type: 2}
      propertyPath: m_LocalRotation.z
      value: 0
      objectReference: {fileID: 0}
    - target: {fileID: 4733606045118112, guid: ee9351de3be54664ab3b8cd84e3ab79b, type: 2}
      propertyPath: m_LocalRotation.w
      value: 1
      objectReference: {fileID: 0}
    - target: {fileID: 4733606045118112, guid: ee9351de3be54664ab3b8cd84e3ab79b, type: 2}
      propertyPath: m_RootOrder
      value: 22
      objectReference: {fileID: 0}
    - target: {fileID: 1438999240611212, guid: ee9351de3be54664ab3b8cd84e3ab79b, type: 2}
      propertyPath: m_Name
      value: Candelabra (10)
      objectReference: {fileID: 0}
    - target: {fileID: 4733606045118112, guid: ee9351de3be54664ab3b8cd84e3ab79b, type: 2}
      propertyPath: m_LocalEulerAnglesHint.y
      value: 0
      objectReference: {fileID: 0}
    m_RemovedComponents: []
  m_SourcePrefab: {fileID: 100100000, guid: ee9351de3be54664ab3b8cd84e3ab79b, type: 2}
  m_IsPrefabAsset: 0
--- !u!1001 &433467830
Prefab:
  m_ObjectHideFlags: 0
  serializedVersion: 2
  m_Modification:
    m_TransformParent: {fileID: 0}
    m_Modifications:
    - target: {fileID: 4849472678012954, guid: 7c2d67dd228e0dd4580a1f8db33b54a2, type: 2}
      propertyPath: m_LocalPosition.x
      value: -0
      objectReference: {fileID: 0}
    - target: {fileID: 4849472678012954, guid: 7c2d67dd228e0dd4580a1f8db33b54a2, type: 2}
      propertyPath: m_LocalPosition.y
      value: 0
      objectReference: {fileID: 0}
    - target: {fileID: 4849472678012954, guid: 7c2d67dd228e0dd4580a1f8db33b54a2, type: 2}
      propertyPath: m_LocalPosition.z
      value: 0
      objectReference: {fileID: 0}
    - target: {fileID: 4849472678012954, guid: 7c2d67dd228e0dd4580a1f8db33b54a2, type: 2}
      propertyPath: m_LocalRotation.x
      value: 0
      objectReference: {fileID: 0}
    - target: {fileID: 4849472678012954, guid: 7c2d67dd228e0dd4580a1f8db33b54a2, type: 2}
      propertyPath: m_LocalRotation.y
      value: -0
      objectReference: {fileID: 0}
    - target: {fileID: 4849472678012954, guid: 7c2d67dd228e0dd4580a1f8db33b54a2, type: 2}
      propertyPath: m_LocalRotation.z
      value: -0
      objectReference: {fileID: 0}
    - target: {fileID: 4849472678012954, guid: 7c2d67dd228e0dd4580a1f8db33b54a2, type: 2}
      propertyPath: m_LocalRotation.w
      value: 1
      objectReference: {fileID: 0}
    - target: {fileID: 4849472678012954, guid: 7c2d67dd228e0dd4580a1f8db33b54a2, type: 2}
      propertyPath: m_RootOrder
      value: 6
      objectReference: {fileID: 0}
    m_RemovedComponents: []
  m_SourcePrefab: {fileID: 100100000, guid: 7c2d67dd228e0dd4580a1f8db33b54a2, type: 2}
  m_IsPrefabAsset: 0
--- !u!1 &460689443
GameObject:
  m_ObjectHideFlags: 0
  m_CorrespondingSourceObject: {fileID: 0}
  m_PrefabInternal: {fileID: 0}
  serializedVersion: 6
  m_Component:
  - component: {fileID: 460689446}
  - component: {fileID: 460689445}
  - component: {fileID: 460689444}
  m_Layer: 0
  m_Name: Main Camera
  m_TagString: MainCamera
  m_Icon: {fileID: 0}
  m_NavMeshLayer: 0
  m_StaticEditorFlags: 0
  m_IsActive: 1
--- !u!81 &460689444
AudioListener:
  m_ObjectHideFlags: 0
  m_CorrespondingSourceObject: {fileID: 0}
  m_PrefabInternal: {fileID: 0}
  m_GameObject: {fileID: 460689443}
  m_Enabled: 1
--- !u!20 &460689445
Camera:
  m_ObjectHideFlags: 0
  m_CorrespondingSourceObject: {fileID: 0}
  m_PrefabInternal: {fileID: 0}
  m_GameObject: {fileID: 460689443}
  m_Enabled: 1
  serializedVersion: 2
  m_ClearFlags: 1
  m_BackGroundColor: {r: 0.19215687, g: 0.3019608, b: 0.4745098, a: 0}
  m_projectionMatrixMode: 1
  m_SensorSize: {x: 36, y: 24}
  m_LensShift: {x: 0, y: 0}
  m_FocalLength: 50
  m_NormalizedViewPortRect:
    serializedVersion: 2
    x: 0
    y: 0
    width: 1
    height: 1
  near clip plane: 0.3
  far clip plane: 1000
  field of view: 60
  orthographic: 0
  orthographic size: 5
  m_Depth: -1
  m_CullingMask:
    serializedVersion: 2
    m_Bits: 4294967295
  m_RenderingPath: -1
  m_TargetTexture: {fileID: 0}
  m_TargetDisplay: 0
  m_TargetEye: 3
  m_HDR: 1
  m_AllowMSAA: 1
  m_AllowDynamicResolution: 0
  m_ForceIntoRT: 0
  m_OcclusionCulling: 1
  m_StereoConvergence: 10
  m_StereoSeparation: 0.022
--- !u!4 &460689446
Transform:
  m_ObjectHideFlags: 0
  m_CorrespondingSourceObject: {fileID: 0}
  m_PrefabInternal: {fileID: 0}
  m_GameObject: {fileID: 460689443}
  m_LocalRotation: {x: 0, y: 0, z: 0, w: 1}
  m_LocalPosition: {x: 0, y: 1, z: -10}
  m_LocalScale: {x: 1, y: 1, z: 1}
  m_Children: []
  m_Father: {fileID: 0}
  m_RootOrder: 0
  m_LocalEulerAnglesHint: {x: 0, y: 0, z: 0}
--- !u!1001 &491929039
Prefab:
  m_ObjectHideFlags: 0
  serializedVersion: 2
  m_Modification:
    m_TransformParent: {fileID: 0}
    m_Modifications:
    - target: {fileID: 4733606045118112, guid: ee9351de3be54664ab3b8cd84e3ab79b, type: 2}
      propertyPath: m_LocalPosition.x
      value: 2.5507
      objectReference: {fileID: 0}
    - target: {fileID: 4733606045118112, guid: ee9351de3be54664ab3b8cd84e3ab79b, type: 2}
      propertyPath: m_LocalPosition.y
      value: 1.815
      objectReference: {fileID: 0}
    - target: {fileID: 4733606045118112, guid: ee9351de3be54664ab3b8cd84e3ab79b, type: 2}
      propertyPath: m_LocalPosition.z
      value: 0.108
      objectReference: {fileID: 0}
    - target: {fileID: 4733606045118112, guid: ee9351de3be54664ab3b8cd84e3ab79b, type: 2}
      propertyPath: m_LocalRotation.x
      value: 0
      objectReference: {fileID: 0}
    - target: {fileID: 4733606045118112, guid: ee9351de3be54664ab3b8cd84e3ab79b, type: 2}
      propertyPath: m_LocalRotation.y
      value: -0.7071068
      objectReference: {fileID: 0}
    - target: {fileID: 4733606045118112, guid: ee9351de3be54664ab3b8cd84e3ab79b, type: 2}
      propertyPath: m_LocalRotation.z
      value: 0
      objectReference: {fileID: 0}
    - target: {fileID: 4733606045118112, guid: ee9351de3be54664ab3b8cd84e3ab79b, type: 2}
      propertyPath: m_LocalRotation.w
      value: 0.7071068
      objectReference: {fileID: 0}
    - target: {fileID: 4733606045118112, guid: ee9351de3be54664ab3b8cd84e3ab79b, type: 2}
      propertyPath: m_RootOrder
      value: 14
      objectReference: {fileID: 0}
    - target: {fileID: 4733606045118112, guid: ee9351de3be54664ab3b8cd84e3ab79b, type: 2}
      propertyPath: m_LocalEulerAnglesHint.y
      value: -90
      objectReference: {fileID: 0}
    - target: {fileID: 1438999240611212, guid: ee9351de3be54664ab3b8cd84e3ab79b, type: 2}
      propertyPath: m_Name
      value: Candelabra (5)
      objectReference: {fileID: 0}
    - target: {fileID: 1547419741641306, guid: ee9351de3be54664ab3b8cd84e3ab79b, type: 2}
      propertyPath: m_StaticEditorFlags
      value: 4294967295
      objectReference: {fileID: 0}
    - target: {fileID: 1250482691931686, guid: ee9351de3be54664ab3b8cd84e3ab79b, type: 2}
      propertyPath: m_StaticEditorFlags
      value: 4294967295
      objectReference: {fileID: 0}
    - target: {fileID: 1438999240611212, guid: ee9351de3be54664ab3b8cd84e3ab79b, type: 2}
      propertyPath: m_StaticEditorFlags
      value: 4294967295
      objectReference: {fileID: 0}
    - target: {fileID: 1020839142420196, guid: ee9351de3be54664ab3b8cd84e3ab79b, type: 2}
      propertyPath: m_StaticEditorFlags
      value: 4294967295
      objectReference: {fileID: 0}
    m_RemovedComponents: []
  m_SourcePrefab: {fileID: 100100000, guid: ee9351de3be54664ab3b8cd84e3ab79b, type: 2}
  m_IsPrefabAsset: 0
--- !u!1001 &549755507
Prefab:
  m_ObjectHideFlags: 0
  serializedVersion: 2
  m_Modification:
    m_TransformParent: {fileID: 0}
    m_Modifications:
    - target: {fileID: 4733606045118112, guid: ee9351de3be54664ab3b8cd84e3ab79b, type: 2}
      propertyPath: m_LocalPosition.x
      value: -0.9538
      objectReference: {fileID: 0}
    - target: {fileID: 4733606045118112, guid: ee9351de3be54664ab3b8cd84e3ab79b, type: 2}
      propertyPath: m_LocalPosition.y
      value: 1.815
      objectReference: {fileID: 0}
    - target: {fileID: 4733606045118112, guid: ee9351de3be54664ab3b8cd84e3ab79b, type: 2}
      propertyPath: m_LocalPosition.z
      value: 4.376
      objectReference: {fileID: 0}
    - target: {fileID: 4733606045118112, guid: ee9351de3be54664ab3b8cd84e3ab79b, type: 2}
      propertyPath: m_LocalRotation.x
      value: 0
      objectReference: {fileID: 0}
    - target: {fileID: 4733606045118112, guid: ee9351de3be54664ab3b8cd84e3ab79b, type: 2}
      propertyPath: m_LocalRotation.y
      value: 0.7071068
      objectReference: {fileID: 0}
    - target: {fileID: 4733606045118112, guid: ee9351de3be54664ab3b8cd84e3ab79b, type: 2}
      propertyPath: m_LocalRotation.z
      value: 0
      objectReference: {fileID: 0}
    - target: {fileID: 4733606045118112, guid: ee9351de3be54664ab3b8cd84e3ab79b, type: 2}
      propertyPath: m_LocalRotation.w
      value: 0.7071068
      objectReference: {fileID: 0}
    - target: {fileID: 4733606045118112, guid: ee9351de3be54664ab3b8cd84e3ab79b, type: 2}
      propertyPath: m_RootOrder
      value: 10
      objectReference: {fileID: 0}
    - target: {fileID: 1438999240611212, guid: ee9351de3be54664ab3b8cd84e3ab79b, type: 2}
      propertyPath: m_Name
      value: Candelabra (1)
      objectReference: {fileID: 0}
    m_RemovedComponents: []
  m_SourcePrefab: {fileID: 100100000, guid: ee9351de3be54664ab3b8cd84e3ab79b, type: 2}
  m_IsPrefabAsset: 0
--- !u!1 &616605981
GameObject:
  m_ObjectHideFlags: 0
  m_CorrespondingSourceObject: {fileID: 1541806950181150, guid: dd3c1492f866bad4492cacdbfd96553d,
    type: 2}
  m_PrefabInternal: {fileID: 0}
  serializedVersion: 6
  m_Component:
  - component: {fileID: 616605982}
  - component: {fileID: 616605983}
  m_Layer: 0
  m_Name: AmbientLight (3)
  m_TagString: Untagged
  m_Icon: {fileID: 0}
  m_NavMeshLayer: 0
  m_StaticEditorFlags: 4294967295
  m_IsActive: 1
--- !u!4 &616605982
Transform:
  m_ObjectHideFlags: 0
  m_CorrespondingSourceObject: {fileID: 4995630518621444, guid: dd3c1492f866bad4492cacdbfd96553d,
    type: 2}
  m_PrefabInternal: {fileID: 0}
  m_GameObject: {fileID: 616605981}
  m_LocalRotation: {x: -0, y: -0, z: -0, w: 1}
  m_LocalPosition: {x: -0.44, y: 1.583, z: -4.798}
  m_LocalScale: {x: 1, y: 1, z: 1}
  m_Children: []
  m_Father: {fileID: 299672515}
  m_RootOrder: 15
  m_LocalEulerAnglesHint: {x: 0, y: 0, z: 0}
--- !u!108 &616605983
Light:
  m_ObjectHideFlags: 0
  m_CorrespondingSourceObject: {fileID: 108296807613248926, guid: dd3c1492f866bad4492cacdbfd96553d,
    type: 2}
  m_PrefabInternal: {fileID: 0}
  m_GameObject: {fileID: 616605981}
  m_Enabled: 1
  serializedVersion: 8
  m_Type: 2
  m_Color: {r: 0.98823535, g: 0.8117648, b: 0.5647059, a: 1}
  m_Intensity: 1
  m_Range: 3.5
  m_SpotAngle: 30
  m_CookieSize: 10
  m_Shadows:
    m_Type: 0
    m_Resolution: -1
    m_CustomResolution: -1
    m_Strength: 1
    m_Bias: 0.05
    m_NormalBias: 0.4
    m_NearPlane: 0.2
  m_Cookie: {fileID: 0}
  m_DrawHalo: 0
  m_Flare: {fileID: 0}
  m_RenderMode: 0
  m_CullingMask:
    serializedVersion: 2
    m_Bits: 4294967295
  m_Lightmapping: 2
  m_LightShadowCasterMode: 0
  m_AreaSize: {x: 1, y: 1}
  m_BounceIntensity: 1
  m_ColorTemperature: 6570
  m_UseColorTemperature: 0
  m_ShadowRadius: 0
  m_ShadowAngle: 0
--- !u!1001 &671344676
Prefab:
  m_ObjectHideFlags: 0
  serializedVersion: 2
  m_Modification:
    m_TransformParent: {fileID: 0}
    m_Modifications:
    - target: {fileID: 4274706354858768, guid: ea929e42e4cd7fb459083b19d96ce5af, type: 2}
      propertyPath: m_LocalPosition.x
      value: 1.1
      objectReference: {fileID: 0}
    - target: {fileID: 4274706354858768, guid: ea929e42e4cd7fb459083b19d96ce5af, type: 2}
      propertyPath: m_LocalPosition.y
      value: 0
      objectReference: {fileID: 0}
    - target: {fileID: 4274706354858768, guid: ea929e42e4cd7fb459083b19d96ce5af, type: 2}
      propertyPath: m_LocalPosition.z
      value: -6.49
      objectReference: {fileID: 0}
    - target: {fileID: 4274706354858768, guid: ea929e42e4cd7fb459083b19d96ce5af, type: 2}
      propertyPath: m_LocalRotation.x
      value: 0
      objectReference: {fileID: 0}
    - target: {fileID: 4274706354858768, guid: ea929e42e4cd7fb459083b19d96ce5af, type: 2}
      propertyPath: m_LocalRotation.y
      value: -0
      objectReference: {fileID: 0}
    - target: {fileID: 4274706354858768, guid: ea929e42e4cd7fb459083b19d96ce5af, type: 2}
      propertyPath: m_LocalRotation.z
      value: -0
      objectReference: {fileID: 0}
    - target: {fileID: 4274706354858768, guid: ea929e42e4cd7fb459083b19d96ce5af, type: 2}
      propertyPath: m_LocalRotation.w
      value: 1
      objectReference: {fileID: 0}
    - target: {fileID: 4274706354858768, guid: ea929e42e4cd7fb459083b19d96ce5af, type: 2}
      propertyPath: m_RootOrder
      value: 25
      objectReference: {fileID: 0}
    m_RemovedComponents: []
  m_SourcePrefab: {fileID: 100100000, guid: ea929e42e4cd7fb459083b19d96ce5af, type: 2}
  m_IsPrefabAsset: 0
--- !u!1 &673187327
GameObject:
  m_ObjectHideFlags: 0
  m_CorrespondingSourceObject: {fileID: 0}
  m_PrefabInternal: {fileID: 0}
  serializedVersion: 6
  m_Component:
  - component: {fileID: 673187329}
  - component: {fileID: 673187328}
  m_Layer: 0
  m_Name: Directional Light
  m_TagString: Untagged
  m_Icon: {fileID: 0}
  m_NavMeshLayer: 0
  m_StaticEditorFlags: 0
  m_IsActive: 0
--- !u!108 &673187328
Light:
  m_ObjectHideFlags: 0
  m_CorrespondingSourceObject: {fileID: 0}
  m_PrefabInternal: {fileID: 0}
  m_GameObject: {fileID: 673187327}
  m_Enabled: 1
  serializedVersion: 8
  m_Type: 1
  m_Color: {r: 1, g: 0.95686275, b: 0.8392157, a: 1}
  m_Intensity: 1
  m_Range: 10
  m_SpotAngle: 30
  m_CookieSize: 10
  m_Shadows:
    m_Type: 2
    m_Resolution: -1
    m_CustomResolution: -1
    m_Strength: 1
    m_Bias: 0.05
    m_NormalBias: 0.4
    m_NearPlane: 0.2
  m_Cookie: {fileID: 0}
  m_DrawHalo: 0
  m_Flare: {fileID: 0}
  m_RenderMode: 0
  m_CullingMask:
    serializedVersion: 2
    m_Bits: 4294967295
  m_Lightmapping: 4
  m_LightShadowCasterMode: 0
  m_AreaSize: {x: 1, y: 1}
  m_BounceIntensity: 1
  m_ColorTemperature: 6570
  m_UseColorTemperature: 0
  m_ShadowRadius: 0
  m_ShadowAngle: 0
--- !u!4 &673187329
Transform:
  m_ObjectHideFlags: 0
  m_CorrespondingSourceObject: {fileID: 0}
  m_PrefabInternal: {fileID: 0}
  m_GameObject: {fileID: 673187327}
  m_LocalRotation: {x: 0.40821788, y: -0.23456968, z: 0.10938163, w: 0.8754261}
  m_LocalPosition: {x: 0, y: 3, z: 0}
  m_LocalScale: {x: 1, y: 1, z: 1}
  m_Children: []
  m_Father: {fileID: 0}
  m_RootOrder: 4
  m_LocalEulerAnglesHint: {x: 50, y: -30, z: 0}
--- !u!1001 &732133242
Prefab:
  m_ObjectHideFlags: 0
  serializedVersion: 2
  m_Modification:
    m_TransformParent: {fileID: 0}
    m_Modifications:
    - target: {fileID: 4054738870946640, guid: e7c07328836a9724aa5080742b038d5b, type: 2}
      propertyPath: m_LocalPosition.x
      value: -0.362
      objectReference: {fileID: 0}
    - target: {fileID: 4054738870946640, guid: e7c07328836a9724aa5080742b038d5b, type: 2}
      propertyPath: m_LocalPosition.y
      value: 0
      objectReference: {fileID: 0}
    - target: {fileID: 4054738870946640, guid: e7c07328836a9724aa5080742b038d5b, type: 2}
      propertyPath: m_LocalPosition.z
      value: -7.06
      objectReference: {fileID: 0}
    - target: {fileID: 4054738870946640, guid: e7c07328836a9724aa5080742b038d5b, type: 2}
      propertyPath: m_LocalRotation.x
      value: 0
      objectReference: {fileID: 0}
    - target: {fileID: 4054738870946640, guid: e7c07328836a9724aa5080742b038d5b, type: 2}
      propertyPath: m_LocalRotation.y
      value: -0
      objectReference: {fileID: 0}
    - target: {fileID: 4054738870946640, guid: e7c07328836a9724aa5080742b038d5b, type: 2}
      propertyPath: m_LocalRotation.z
      value: -0
      objectReference: {fileID: 0}
    - target: {fileID: 4054738870946640, guid: e7c07328836a9724aa5080742b038d5b, type: 2}
      propertyPath: m_LocalRotation.w
      value: 1
      objectReference: {fileID: 0}
    - target: {fileID: 4054738870946640, guid: e7c07328836a9724aa5080742b038d5b, type: 2}
      propertyPath: m_RootOrder
      value: 3
      objectReference: {fileID: 0}
    m_RemovedComponents: []
  m_SourcePrefab: {fileID: 100100000, guid: e7c07328836a9724aa5080742b038d5b, type: 2}
  m_IsPrefabAsset: 0
--- !u!1001 &754218599
Prefab:
  m_ObjectHideFlags: 0
  serializedVersion: 2
  m_Modification:
    m_TransformParent: {fileID: 0}
    m_Modifications:
    - target: {fileID: 4733606045118112, guid: ee9351de3be54664ab3b8cd84e3ab79b, type: 2}
      propertyPath: m_LocalPosition.x
      value: -0.9538
      objectReference: {fileID: 0}
    - target: {fileID: 4733606045118112, guid: ee9351de3be54664ab3b8cd84e3ab79b, type: 2}
      propertyPath: m_LocalPosition.y
      value: 1.815
      objectReference: {fileID: 0}
    - target: {fileID: 4733606045118112, guid: ee9351de3be54664ab3b8cd84e3ab79b, type: 2}
      propertyPath: m_LocalPosition.z
      value: 8.489
      objectReference: {fileID: 0}
    - target: {fileID: 4733606045118112, guid: ee9351de3be54664ab3b8cd84e3ab79b, type: 2}
      propertyPath: m_LocalRotation.x
      value: 0
      objectReference: {fileID: 0}
    - target: {fileID: 4733606045118112, guid: ee9351de3be54664ab3b8cd84e3ab79b, type: 2}
      propertyPath: m_LocalRotation.y
      value: 0.7071068
      objectReference: {fileID: 0}
    - target: {fileID: 4733606045118112, guid: ee9351de3be54664ab3b8cd84e3ab79b, type: 2}
      propertyPath: m_LocalRotation.z
      value: 0
      objectReference: {fileID: 0}
    - target: {fileID: 4733606045118112, guid: ee9351de3be54664ab3b8cd84e3ab79b, type: 2}
      propertyPath: m_LocalRotation.w
      value: 0.7071068
      objectReference: {fileID: 0}
    - target: {fileID: 4733606045118112, guid: ee9351de3be54664ab3b8cd84e3ab79b, type: 2}
      propertyPath: m_RootOrder
      value: 11
      objectReference: {fileID: 0}
    - target: {fileID: 4733606045118112, guid: ee9351de3be54664ab3b8cd84e3ab79b, type: 2}
      propertyPath: m_LocalEulerAnglesHint.y
      value: 90
      objectReference: {fileID: 0}
    - target: {fileID: 1438999240611212, guid: ee9351de3be54664ab3b8cd84e3ab79b, type: 2}
      propertyPath: m_Name
      value: Candelabra (3)
      objectReference: {fileID: 0}
    - target: {fileID: 1020839142420196, guid: ee9351de3be54664ab3b8cd84e3ab79b, type: 2}
      propertyPath: m_StaticEditorFlags
      value: 4294967295
      objectReference: {fileID: 0}
    - target: {fileID: 1250482691931686, guid: ee9351de3be54664ab3b8cd84e3ab79b, type: 2}
      propertyPath: m_StaticEditorFlags
      value: 4294967295
      objectReference: {fileID: 0}
    - target: {fileID: 1547419741641306, guid: ee9351de3be54664ab3b8cd84e3ab79b, type: 2}
      propertyPath: m_StaticEditorFlags
      value: 4294967295
      objectReference: {fileID: 0}
    - target: {fileID: 1438999240611212, guid: ee9351de3be54664ab3b8cd84e3ab79b, type: 2}
      propertyPath: m_StaticEditorFlags
      value: 4294967295
      objectReference: {fileID: 0}
    m_RemovedComponents: []
  m_SourcePrefab: {fileID: 100100000, guid: ee9351de3be54664ab3b8cd84e3ab79b, type: 2}
  m_IsPrefabAsset: 0
--- !u!1001 &783543769
Prefab:
  m_ObjectHideFlags: 0
  serializedVersion: 2
  m_Modification:
    m_TransformParent: {fileID: 0}
    m_Modifications:
    - target: {fileID: 4733606045118112, guid: ee9351de3be54664ab3b8cd84e3ab79b, type: 2}
      propertyPath: m_LocalPosition.x
      value: -3.205
      objectReference: {fileID: 0}
    - target: {fileID: 4733606045118112, guid: ee9351de3be54664ab3b8cd84e3ab79b, type: 2}
      propertyPath: m_LocalPosition.y
      value: 1.815
      objectReference: {fileID: 0}
    - target: {fileID: 4733606045118112, guid: ee9351de3be54664ab3b8cd84e3ab79b, type: 2}
      propertyPath: m_LocalPosition.z
      value: -3.74
      objectReference: {fileID: 0}
    - target: {fileID: 4733606045118112, guid: ee9351de3be54664ab3b8cd84e3ab79b, type: 2}
      propertyPath: m_LocalRotation.x
      value: 0
      objectReference: {fileID: 0}
    - target: {fileID: 4733606045118112, guid: ee9351de3be54664ab3b8cd84e3ab79b, type: 2}
      propertyPath: m_LocalRotation.y
      value: 0.7071068
      objectReference: {fileID: 0}
    - target: {fileID: 4733606045118112, guid: ee9351de3be54664ab3b8cd84e3ab79b, type: 2}
      propertyPath: m_LocalRotation.z
      value: 0
      objectReference: {fileID: 0}
    - target: {fileID: 4733606045118112, guid: ee9351de3be54664ab3b8cd84e3ab79b, type: 2}
      propertyPath: m_LocalRotation.w
      value: 0.7071068
      objectReference: {fileID: 0}
    - target: {fileID: 4733606045118112, guid: ee9351de3be54664ab3b8cd84e3ab79b, type: 2}
      propertyPath: m_RootOrder
      value: 18
      objectReference: {fileID: 0}
    - target: {fileID: 1438999240611212, guid: ee9351de3be54664ab3b8cd84e3ab79b, type: 2}
      propertyPath: m_Name
      value: Candelabra (6)
      objectReference: {fileID: 0}
    m_RemovedComponents: []
  m_SourcePrefab: {fileID: 100100000, guid: ee9351de3be54664ab3b8cd84e3ab79b, type: 2}
  m_IsPrefabAsset: 0
--- !u!1001 &801931022
Prefab:
  m_ObjectHideFlags: 0
  serializedVersion: 2
  m_Modification:
    m_TransformParent: {fileID: 0}
    m_Modifications:
    - target: {fileID: 4733606045118112, guid: ee9351de3be54664ab3b8cd84e3ab79b, type: 2}
      propertyPath: m_LocalPosition.x
      value: 4.8004
      objectReference: {fileID: 0}
    - target: {fileID: 4733606045118112, guid: ee9351de3be54664ab3b8cd84e3ab79b, type: 2}
      propertyPath: m_LocalPosition.y
      value: 1.815
      objectReference: {fileID: 0}
    - target: {fileID: 4733606045118112, guid: ee9351de3be54664ab3b8cd84e3ab79b, type: 2}
      propertyPath: m_LocalPosition.z
      value: -5.807
      objectReference: {fileID: 0}
    - target: {fileID: 4733606045118112, guid: ee9351de3be54664ab3b8cd84e3ab79b, type: 2}
      propertyPath: m_LocalRotation.x
      value: 0
      objectReference: {fileID: 0}
    - target: {fileID: 4733606045118112, guid: ee9351de3be54664ab3b8cd84e3ab79b, type: 2}
      propertyPath: m_LocalRotation.y
      value: -0.7071068
      objectReference: {fileID: 0}
    - target: {fileID: 4733606045118112, guid: ee9351de3be54664ab3b8cd84e3ab79b, type: 2}
      propertyPath: m_LocalRotation.z
      value: 0
      objectReference: {fileID: 0}
    - target: {fileID: 4733606045118112, guid: ee9351de3be54664ab3b8cd84e3ab79b, type: 2}
      propertyPath: m_LocalRotation.w
      value: 0.7071068
      objectReference: {fileID: 0}
    - target: {fileID: 4733606045118112, guid: ee9351de3be54664ab3b8cd84e3ab79b, type: 2}
      propertyPath: m_RootOrder
      value: 21
      objectReference: {fileID: 0}
    - target: {fileID: 1438999240611212, guid: ee9351de3be54664ab3b8cd84e3ab79b, type: 2}
      propertyPath: m_Name
      value: Candelabra (9)
      objectReference: {fileID: 0}
    - target: {fileID: 4733606045118112, guid: ee9351de3be54664ab3b8cd84e3ab79b, type: 2}
      propertyPath: m_LocalEulerAnglesHint.y
      value: -90
      objectReference: {fileID: 0}
    m_RemovedComponents: []
  m_SourcePrefab: {fileID: 100100000, guid: ee9351de3be54664ab3b8cd84e3ab79b, type: 2}
  m_IsPrefabAsset: 0
--- !u!1001 &843107269
Prefab:
  m_ObjectHideFlags: 0
  serializedVersion: 2
  m_Modification:
    m_TransformParent: {fileID: 0}
    m_Modifications:
    - target: {fileID: 4616417848752936, guid: dd3c1492f866bad4492cacdbfd96553d, type: 2}
      propertyPath: m_LocalPosition.x
      value: 0
      objectReference: {fileID: 0}
    - target: {fileID: 4616417848752936, guid: dd3c1492f866bad4492cacdbfd96553d, type: 2}
      propertyPath: m_LocalPosition.y
      value: 0
      objectReference: {fileID: 0}
    - target: {fileID: 4616417848752936, guid: dd3c1492f866bad4492cacdbfd96553d, type: 2}
      propertyPath: m_LocalPosition.z
      value: 0
      objectReference: {fileID: 0}
    - target: {fileID: 4616417848752936, guid: dd3c1492f866bad4492cacdbfd96553d, type: 2}
      propertyPath: m_LocalRotation.x
      value: 0
      objectReference: {fileID: 0}
    - target: {fileID: 4616417848752936, guid: dd3c1492f866bad4492cacdbfd96553d, type: 2}
      propertyPath: m_LocalRotation.y
      value: 0
      objectReference: {fileID: 0}
    - target: {fileID: 4616417848752936, guid: dd3c1492f866bad4492cacdbfd96553d, type: 2}
      propertyPath: m_LocalRotation.z
      value: 0
      objectReference: {fileID: 0}
    - target: {fileID: 4616417848752936, guid: dd3c1492f866bad4492cacdbfd96553d, type: 2}
      propertyPath: m_LocalRotation.w
      value: 1
      objectReference: {fileID: 0}
    - target: {fileID: 4616417848752936, guid: dd3c1492f866bad4492cacdbfd96553d, type: 2}
      propertyPath: m_RootOrder
      value: 8
      objectReference: {fileID: 0}
    m_RemovedComponents: []
  m_SourcePrefab: {fileID: 100100000, guid: dd3c1492f866bad4492cacdbfd96553d, type: 2}
  m_IsPrefabAsset: 0
--- !u!1001 &905870476
Prefab:
  m_ObjectHideFlags: 0
  serializedVersion: 2
  m_Modification:
    m_TransformParent: {fileID: 2116280324}
    m_Modifications:
    - target: {fileID: 4162652516805250, guid: 5ada688e30df70d408e52a4adcfbc87c, type: 2}
      propertyPath: m_LocalPosition.x
      value: 249
      objectReference: {fileID: 0}
    - target: {fileID: 4162652516805250, guid: 5ada688e30df70d408e52a4adcfbc87c, type: 2}
      propertyPath: m_LocalPosition.y
      value: 0
      objectReference: {fileID: 0}
    - target: {fileID: 4162652516805250, guid: 5ada688e30df70d408e52a4adcfbc87c, type: 2}
      propertyPath: m_LocalPosition.z
      value: -265
      objectReference: {fileID: 0}
    - target: {fileID: 4162652516805250, guid: 5ada688e30df70d408e52a4adcfbc87c, type: 2}
      propertyPath: m_LocalRotation.x
      value: -0
      objectReference: {fileID: 0}
    - target: {fileID: 4162652516805250, guid: 5ada688e30df70d408e52a4adcfbc87c, type: 2}
      propertyPath: m_LocalRotation.y
      value: -0
      objectReference: {fileID: 0}
    - target: {fileID: 4162652516805250, guid: 5ada688e30df70d408e52a4adcfbc87c, type: 2}
      propertyPath: m_LocalRotation.z
      value: -0
      objectReference: {fileID: 0}
    - target: {fileID: 4162652516805250, guid: 5ada688e30df70d408e52a4adcfbc87c, type: 2}
      propertyPath: m_LocalRotation.w
      value: 1
      objectReference: {fileID: 0}
    - target: {fileID: 4162652516805250, guid: 5ada688e30df70d408e52a4adcfbc87c, type: 2}
      propertyPath: m_RootOrder
      value: 2
      objectReference: {fileID: 0}
    - target: {fileID: 1557280523974654, guid: 5ada688e30df70d408e52a4adcfbc87c, type: 2}
      propertyPath: m_Name
      value: WoodDoor (2)
      objectReference: {fileID: 0}
    - target: {fileID: 4162652516805250, guid: 5ada688e30df70d408e52a4adcfbc87c, type: 2}
      propertyPath: m_LocalScale.x
      value: 1
      objectReference: {fileID: 0}
    - target: {fileID: 4162652516805250, guid: 5ada688e30df70d408e52a4adcfbc87c, type: 2}
      propertyPath: m_LocalScale.y
      value: 1
      objectReference: {fileID: 0}
    - target: {fileID: 4162652516805250, guid: 5ada688e30df70d408e52a4adcfbc87c, type: 2}
      propertyPath: m_LocalScale.z
      value: 1
      objectReference: {fileID: 0}
    - target: {fileID: 1557280523974654, guid: 5ada688e30df70d408e52a4adcfbc87c, type: 2}
      propertyPath: m_StaticEditorFlags
      value: 4294967295
      objectReference: {fileID: 0}
    - target: {fileID: 1266226302974040, guid: 5ada688e30df70d408e52a4adcfbc87c, type: 2}
      propertyPath: m_StaticEditorFlags
      value: 4294967295
      objectReference: {fileID: 0}
    - target: {fileID: 1417684899567180, guid: 5ada688e30df70d408e52a4adcfbc87c, type: 2}
      propertyPath: m_StaticEditorFlags
      value: 4294967295
      objectReference: {fileID: 0}
    m_RemovedComponents: []
  m_SourcePrefab: {fileID: 100100000, guid: 5ada688e30df70d408e52a4adcfbc87c, type: 2}
  m_IsPrefabAsset: 0
--- !u!1001 &978731084
Prefab:
  m_ObjectHideFlags: 0
  serializedVersion: 2
  m_Modification:
    m_TransformParent: {fileID: 0}
    m_Modifications:
    - target: {fileID: 4611325241835962, guid: 579a6f368e29cf84abe6b7b972ba20e8, type: 2}
      propertyPath: m_LocalPosition.x
      value: 1.797
      objectReference: {fileID: 0}
    - target: {fileID: 4611325241835962, guid: 579a6f368e29cf84abe6b7b972ba20e8, type: 2}
      propertyPath: m_LocalPosition.y
      value: 0
      objectReference: {fileID: 0}
    - target: {fileID: 4611325241835962, guid: 579a6f368e29cf84abe6b7b972ba20e8, type: 2}
      propertyPath: m_LocalPosition.z
      value: -7.02
      objectReference: {fileID: 0}
    - target: {fileID: 4611325241835962, guid: 579a6f368e29cf84abe6b7b972ba20e8, type: 2}
      propertyPath: m_LocalRotation.x
      value: 0
      objectReference: {fileID: 0}
    - target: {fileID: 4611325241835962, guid: 579a6f368e29cf84abe6b7b972ba20e8, type: 2}
      propertyPath: m_LocalRotation.y
      value: -0
      objectReference: {fileID: 0}
    - target: {fileID: 4611325241835962, guid: 579a6f368e29cf84abe6b7b972ba20e8, type: 2}
      propertyPath: m_LocalRotation.z
      value: -0
      objectReference: {fileID: 0}
    - target: {fileID: 4611325241835962, guid: 579a6f368e29cf84abe6b7b972ba20e8, type: 2}
      propertyPath: m_LocalRotation.w
      value: 1
      objectReference: {fileID: 0}
    - target: {fileID: 4611325241835962, guid: 579a6f368e29cf84abe6b7b972ba20e8, type: 2}
      propertyPath: m_RootOrder
      value: 2
      objectReference: {fileID: 0}
    - target: {fileID: 1199316885427014, guid: 579a6f368e29cf84abe6b7b972ba20e8, type: 2}
      propertyPath: m_StaticEditorFlags
      value: 4294967295
      objectReference: {fileID: 0}
    m_RemovedComponents: []
  m_SourcePrefab: {fileID: 100100000, guid: 579a6f368e29cf84abe6b7b972ba20e8, type: 2}
  m_IsPrefabAsset: 0
--- !u!1001 &1053125826
Prefab:
  m_ObjectHideFlags: 0
  serializedVersion: 2
  m_Modification:
    m_TransformParent: {fileID: 0}
    m_Modifications:
    - target: {fileID: 400000, guid: a12aa9c75c572934cb2f7cc406b080a2, type: 3}
      propertyPath: m_LocalPosition.x
      value: 0.37
      objectReference: {fileID: 0}
    - target: {fileID: 400000, guid: a12aa9c75c572934cb2f7cc406b080a2, type: 3}
      propertyPath: m_LocalPosition.y
      value: 0
      objectReference: {fileID: 0}
    - target: {fileID: 400000, guid: a12aa9c75c572934cb2f7cc406b080a2, type: 3}
      propertyPath: m_LocalPosition.z
      value: -6.71
      objectReference: {fileID: 0}
    - target: {fileID: 400000, guid: a12aa9c75c572934cb2f7cc406b080a2, type: 3}
      propertyPath: m_LocalRotation.x
      value: 0
      objectReference: {fileID: 0}
    - target: {fileID: 400000, guid: a12aa9c75c572934cb2f7cc406b080a2, type: 3}
      propertyPath: m_LocalRotation.y
      value: -0
      objectReference: {fileID: 0}
    - target: {fileID: 400000, guid: a12aa9c75c572934cb2f7cc406b080a2, type: 3}
      propertyPath: m_LocalRotation.z
      value: -0
      objectReference: {fileID: 0}
    - target: {fileID: 400000, guid: a12aa9c75c572934cb2f7cc406b080a2, type: 3}
      propertyPath: m_LocalRotation.w
      value: 1
      objectReference: {fileID: 0}
    - target: {fileID: 400000, guid: a12aa9c75c572934cb2f7cc406b080a2, type: 3}
      propertyPath: m_RootOrder
      value: 26
      objectReference: {fileID: 0}
    - target: {fileID: 100000, guid: a12aa9c75c572934cb2f7cc406b080a2, type: 3}
      propertyPath: m_StaticEditorFlags
      value: 4294967295
      objectReference: {fileID: 0}
    - target: {fileID: 2300000, guid: a12aa9c75c572934cb2f7cc406b080a2, type: 3}
      propertyPath: m_Materials.Array.data[0]
      value: 
      objectReference: {fileID: 2100000, guid: 4d1f67634be6cfe4d8e0b2f1e72d2293, type: 2}
    m_RemovedComponents: []
  m_SourcePrefab: {fileID: 100100000, guid: a12aa9c75c572934cb2f7cc406b080a2, type: 3}
  m_IsPrefabAsset: 0
--- !u!1001 &1173635251
Prefab:
  m_ObjectHideFlags: 0
  serializedVersion: 2
  m_Modification:
    m_TransformParent: {fileID: 0}
    m_Modifications:
    - target: {fileID: 4733606045118112, guid: ee9351de3be54664ab3b8cd84e3ab79b, type: 2}
      propertyPath: m_LocalPosition.x
      value: -0.428
      objectReference: {fileID: 0}
    - target: {fileID: 4733606045118112, guid: ee9351de3be54664ab3b8cd84e3ab79b, type: 2}
      propertyPath: m_LocalPosition.y
      value: 1.815
      objectReference: {fileID: 0}
    - target: {fileID: 4733606045118112, guid: ee9351de3be54664ab3b8cd84e3ab79b, type: 2}
      propertyPath: m_LocalPosition.z
      value: -7.333601
      objectReference: {fileID: 0}
    - target: {fileID: 4733606045118112, guid: ee9351de3be54664ab3b8cd84e3ab79b, type: 2}
      propertyPath: m_LocalRotation.x
      value: 0
      objectReference: {fileID: 0}
    - target: {fileID: 4733606045118112, guid: ee9351de3be54664ab3b8cd84e3ab79b, type: 2}
      propertyPath: m_LocalRotation.y
      value: 0
      objectReference: {fileID: 0}
    - target: {fileID: 4733606045118112, guid: ee9351de3be54664ab3b8cd84e3ab79b, type: 2}
      propertyPath: m_LocalRotation.z
      value: 0
      objectReference: {fileID: 0}
    - target: {fileID: 4733606045118112, guid: ee9351de3be54664ab3b8cd84e3ab79b, type: 2}
      propertyPath: m_LocalRotation.w
      value: 1
      objectReference: {fileID: 0}
    - target: {fileID: 4733606045118112, guid: ee9351de3be54664ab3b8cd84e3ab79b, type: 2}
      propertyPath: m_RootOrder
      value: 23
      objectReference: {fileID: 0}
    - target: {fileID: 1438999240611212, guid: ee9351de3be54664ab3b8cd84e3ab79b, type: 2}
      propertyPath: m_Name
      value: Candelabra (11)
      objectReference: {fileID: 0}
    - target: {fileID: 4733606045118112, guid: ee9351de3be54664ab3b8cd84e3ab79b, type: 2}
      propertyPath: m_LocalEulerAnglesHint.y
      value: 0
      objectReference: {fileID: 0}
    m_RemovedComponents: []
  m_SourcePrefab: {fileID: 100100000, guid: ee9351de3be54664ab3b8cd84e3ab79b, type: 2}
  m_IsPrefabAsset: 0
--- !u!1 &1364018297
GameObject:
  m_ObjectHideFlags: 0
  m_CorrespondingSourceObject: {fileID: 1541806950181150, guid: dd3c1492f866bad4492cacdbfd96553d,
    type: 2}
  m_PrefabInternal: {fileID: 0}
  serializedVersion: 6
  m_Component:
  - component: {fileID: 1364018298}
  - component: {fileID: 1364018299}
  m_Layer: 0
  m_Name: AmbientLight (2)
  m_TagString: Untagged
  m_Icon: {fileID: 0}
  m_NavMeshLayer: 0
  m_StaticEditorFlags: 4294967295
  m_IsActive: 1
--- !u!4 &1364018298
Transform:
  m_ObjectHideFlags: 0
  m_CorrespondingSourceObject: {fileID: 4995630518621444, guid: dd3c1492f866bad4492cacdbfd96553d,
    type: 2}
  m_PrefabInternal: {fileID: 0}
  m_GameObject: {fileID: 1364018297}
  m_LocalRotation: {x: -0, y: -0, z: -0, w: 1}
  m_LocalPosition: {x: 1.905, y: 1.583, z: -4.798}
  m_LocalScale: {x: 1, y: 1, z: 1}
  m_Children: []
  m_Father: {fileID: 299672515}
  m_RootOrder: 14
  m_LocalEulerAnglesHint: {x: 0, y: 0, z: 0}
--- !u!108 &1364018299
Light:
  m_ObjectHideFlags: 0
  m_CorrespondingSourceObject: {fileID: 108296807613248926, guid: dd3c1492f866bad4492cacdbfd96553d,
    type: 2}
  m_PrefabInternal: {fileID: 0}
  m_GameObject: {fileID: 1364018297}
  m_Enabled: 1
  serializedVersion: 8
  m_Type: 2
  m_Color: {r: 0.98823535, g: 0.8117648, b: 0.5647059, a: 1}
  m_Intensity: 1
  m_Range: 3.5
  m_SpotAngle: 30
  m_CookieSize: 10
  m_Shadows:
    m_Type: 0
    m_Resolution: -1
    m_CustomResolution: -1
    m_Strength: 1
    m_Bias: 0.05
    m_NormalBias: 0.4
    m_NearPlane: 0.2
  m_Cookie: {fileID: 0}
  m_DrawHalo: 0
  m_Flare: {fileID: 0}
  m_RenderMode: 0
  m_CullingMask:
    serializedVersion: 2
    m_Bits: 4294967295
  m_Lightmapping: 2
  m_LightShadowCasterMode: 0
  m_AreaSize: {x: 1, y: 1}
  m_BounceIntensity: 1
  m_ColorTemperature: 6570
  m_UseColorTemperature: 0
  m_ShadowRadius: 0
  m_ShadowAngle: 0
--- !u!1001 &1422754315
Prefab:
  m_ObjectHideFlags: 0
  serializedVersion: 2
  m_Modification:
    m_TransformParent: {fileID: 0}
    m_Modifications:
    - target: {fileID: 4452306857421644, guid: b7bd3df7878aede49a6e49d181074fb8, type: 2}
      propertyPath: m_LocalPosition.x
      value: 0.79959
      objectReference: {fileID: 0}
    - target: {fileID: 4452306857421644, guid: b7bd3df7878aede49a6e49d181074fb8, type: 2}
      propertyPath: m_LocalPosition.y
      value: 3.2806
      objectReference: {fileID: 0}
    - target: {fileID: 4452306857421644, guid: b7bd3df7878aede49a6e49d181074fb8, type: 2}
      propertyPath: m_LocalPosition.z
      value: -4.6669
      objectReference: {fileID: 0}
    - target: {fileID: 4452306857421644, guid: b7bd3df7878aede49a6e49d181074fb8, type: 2}
      propertyPath: m_LocalRotation.x
      value: 0
      objectReference: {fileID: 0}
    - target: {fileID: 4452306857421644, guid: b7bd3df7878aede49a6e49d181074fb8, type: 2}
      propertyPath: m_LocalRotation.y
      value: -0
      objectReference: {fileID: 0}
    - target: {fileID: 4452306857421644, guid: b7bd3df7878aede49a6e49d181074fb8, type: 2}
      propertyPath: m_LocalRotation.z
      value: -0
      objectReference: {fileID: 0}
    - target: {fileID: 4452306857421644, guid: b7bd3df7878aede49a6e49d181074fb8, type: 2}
      propertyPath: m_LocalRotation.w
      value: 1
      objectReference: {fileID: 0}
    - target: {fileID: 4452306857421644, guid: b7bd3df7878aede49a6e49d181074fb8, type: 2}
      propertyPath: m_RootOrder
      value: 16
      objectReference: {fileID: 0}
    - target: {fileID: 1297727090846580, guid: b7bd3df7878aede49a6e49d181074fb8, type: 2}
      propertyPath: m_StaticEditorFlags
      value: 4294967295
      objectReference: {fileID: 0}
    m_RemovedComponents: []
  m_SourcePrefab: {fileID: 100100000, guid: b7bd3df7878aede49a6e49d181074fb8, type: 2}
  m_IsPrefabAsset: 0
--- !u!1001 &1458915405
Prefab:
  m_ObjectHideFlags: 0
  serializedVersion: 2
  m_Modification:
    m_TransformParent: {fileID: 0}
    m_Modifications:
    - target: {fileID: 4733606045118112, guid: ee9351de3be54664ab3b8cd84e3ab79b, type: 2}
      propertyPath: m_LocalPosition.x
      value: 2.5507
      objectReference: {fileID: 0}
    - target: {fileID: 4733606045118112, guid: ee9351de3be54664ab3b8cd84e3ab79b, type: 2}
      propertyPath: m_LocalPosition.y
      value: 1.815
      objectReference: {fileID: 0}
    - target: {fileID: 4733606045118112, guid: ee9351de3be54664ab3b8cd84e3ab79b, type: 2}
      propertyPath: m_LocalPosition.z
      value: 4.376
      objectReference: {fileID: 0}
    - target: {fileID: 4733606045118112, guid: ee9351de3be54664ab3b8cd84e3ab79b, type: 2}
      propertyPath: m_LocalRotation.x
      value: 0
      objectReference: {fileID: 0}
    - target: {fileID: 4733606045118112, guid: ee9351de3be54664ab3b8cd84e3ab79b, type: 2}
      propertyPath: m_LocalRotation.y
      value: -0.7071068
      objectReference: {fileID: 0}
    - target: {fileID: 4733606045118112, guid: ee9351de3be54664ab3b8cd84e3ab79b, type: 2}
      propertyPath: m_LocalRotation.z
      value: 0
      objectReference: {fileID: 0}
    - target: {fileID: 4733606045118112, guid: ee9351de3be54664ab3b8cd84e3ab79b, type: 2}
      propertyPath: m_LocalRotation.w
      value: 0.7071068
      objectReference: {fileID: 0}
    - target: {fileID: 4733606045118112, guid: ee9351de3be54664ab3b8cd84e3ab79b, type: 2}
      propertyPath: m_RootOrder
      value: 12
      objectReference: {fileID: 0}
    - target: {fileID: 4733606045118112, guid: ee9351de3be54664ab3b8cd84e3ab79b, type: 2}
      propertyPath: m_LocalEulerAnglesHint.y
      value: -90
      objectReference: {fileID: 0}
    - target: {fileID: 1438999240611212, guid: ee9351de3be54664ab3b8cd84e3ab79b, type: 2}
      propertyPath: m_Name
      value: Candelabra (2)
      objectReference: {fileID: 0}
    - target: {fileID: 1250482691931686, guid: ee9351de3be54664ab3b8cd84e3ab79b, type: 2}
      propertyPath: m_StaticEditorFlags
      value: 4294967295
      objectReference: {fileID: 0}
    - target: {fileID: 1438999240611212, guid: ee9351de3be54664ab3b8cd84e3ab79b, type: 2}
      propertyPath: m_StaticEditorFlags
      value: 4294967295
      objectReference: {fileID: 0}
    - target: {fileID: 1020839142420196, guid: ee9351de3be54664ab3b8cd84e3ab79b, type: 2}
      propertyPath: m_StaticEditorFlags
      value: 4294967295
      objectReference: {fileID: 0}
    - target: {fileID: 1547419741641306, guid: ee9351de3be54664ab3b8cd84e3ab79b, type: 2}
      propertyPath: m_StaticEditorFlags
      value: 4294967295
      objectReference: {fileID: 0}
    m_RemovedComponents: []
  m_SourcePrefab: {fileID: 100100000, guid: ee9351de3be54664ab3b8cd84e3ab79b, type: 2}
  m_IsPrefabAsset: 0
--- !u!1001 &1805803275
Prefab:
  m_ObjectHideFlags: 0
  serializedVersion: 2
  m_Modification:
    m_TransformParent: {fileID: 0}
    m_Modifications:
    - target: {fileID: 4733606045118112, guid: ee9351de3be54664ab3b8cd84e3ab79b, type: 2}
      propertyPath: m_LocalPosition.x
      value: -0.9538
      objectReference: {fileID: 0}
    - target: {fileID: 4733606045118112, guid: ee9351de3be54664ab3b8cd84e3ab79b, type: 2}
      propertyPath: m_LocalPosition.y
      value: 1.815
      objectReference: {fileID: 0}
    - target: {fileID: 4733606045118112, guid: ee9351de3be54664ab3b8cd84e3ab79b, type: 2}
      propertyPath: m_LocalPosition.z
      value: 0.108
      objectReference: {fileID: 0}
    - target: {fileID: 4733606045118112, guid: ee9351de3be54664ab3b8cd84e3ab79b, type: 2}
      propertyPath: m_LocalRotation.x
      value: 0
      objectReference: {fileID: 0}
    - target: {fileID: 4733606045118112, guid: ee9351de3be54664ab3b8cd84e3ab79b, type: 2}
      propertyPath: m_LocalRotation.y
      value: 0.7071068
      objectReference: {fileID: 0}
    - target: {fileID: 4733606045118112, guid: ee9351de3be54664ab3b8cd84e3ab79b, type: 2}
      propertyPath: m_LocalRotation.z
      value: 0
      objectReference: {fileID: 0}
    - target: {fileID: 4733606045118112, guid: ee9351de3be54664ab3b8cd84e3ab79b, type: 2}
      propertyPath: m_LocalRotation.w
      value: 0.7071068
      objectReference: {fileID: 0}
    - target: {fileID: 4733606045118112, guid: ee9351de3be54664ab3b8cd84e3ab79b, type: 2}
      propertyPath: m_RootOrder
      value: 9
      objectReference: {fileID: 0}
    m_RemovedComponents: []
  m_SourcePrefab: {fileID: 100100000, guid: ee9351de3be54664ab3b8cd84e3ab79b, type: 2}
  m_IsPrefabAsset: 0
--- !u!1001 &1806526426
Prefab:
  m_ObjectHideFlags: 0
  serializedVersion: 2
  m_Modification:
    m_TransformParent: {fileID: 0}
    m_Modifications:
    - target: {fileID: 4918309850232870, guid: f9d2aa9929232de46970a6cf7da4d9a5, type: 2}
      propertyPath: m_LocalPosition.x
      value: 2.34
      objectReference: {fileID: 0}
    - target: {fileID: 4918309850232870, guid: f9d2aa9929232de46970a6cf7da4d9a5, type: 2}
      propertyPath: m_LocalPosition.y
      value: 0
      objectReference: {fileID: 0}
    - target: {fileID: 4918309850232870, guid: f9d2aa9929232de46970a6cf7da4d9a5, type: 2}
      propertyPath: m_LocalPosition.z
      value: -6.955
      objectReference: {fileID: 0}
    - target: {fileID: 4918309850232870, guid: f9d2aa9929232de46970a6cf7da4d9a5, type: 2}
      propertyPath: m_LocalRotation.x
      value: 0
      objectReference: {fileID: 0}
    - target: {fileID: 4918309850232870, guid: f9d2aa9929232de46970a6cf7da4d9a5, type: 2}
      propertyPath: m_LocalRotation.y
      value: -0
      objectReference: {fileID: 0}
    - target: {fileID: 4918309850232870, guid: f9d2aa9929232de46970a6cf7da4d9a5, type: 2}
      propertyPath: m_LocalRotation.z
      value: -0
      objectReference: {fileID: 0}
    - target: {fileID: 4918309850232870, guid: f9d2aa9929232de46970a6cf7da4d9a5, type: 2}
      propertyPath: m_LocalRotation.w
      value: 1
      objectReference: {fileID: 0}
    - target: {fileID: 4918309850232870, guid: f9d2aa9929232de46970a6cf7da4d9a5, type: 2}
      propertyPath: m_RootOrder
      value: 7
      objectReference: {fileID: 0}
    - target: {fileID: 108680143050884138, guid: f9d2aa9929232de46970a6cf7da4d9a5,
        type: 2}
      propertyPath: m_Intensity
      value: 1.5
      objectReference: {fileID: 0}
    - target: {fileID: 108490589885141318, guid: f9d2aa9929232de46970a6cf7da4d9a5,
        type: 2}
      propertyPath: m_Intensity
      value: 1.5
      objectReference: {fileID: 0}
    m_RemovedComponents: []
  m_SourcePrefab: {fileID: 100100000, guid: f9d2aa9929232de46970a6cf7da4d9a5, type: 2}
  m_IsPrefabAsset: 0
--- !u!1001 &2013151866
Prefab:
  m_ObjectHideFlags: 0
  serializedVersion: 2
  m_Modification:
    m_TransformParent: {fileID: 2116280324}
    m_Modifications:
    - target: {fileID: 4162652516805250, guid: 5ada688e30df70d408e52a4adcfbc87c, type: 2}
      propertyPath: m_LocalPosition.x
      value: 0
      objectReference: {fileID: 0}
    - target: {fileID: 4162652516805250, guid: 5ada688e30df70d408e52a4adcfbc87c, type: 2}
      propertyPath: m_LocalPosition.y
      value: 0
      objectReference: {fileID: 0}
    - target: {fileID: 4162652516805250, guid: 5ada688e30df70d408e52a4adcfbc87c, type: 2}
      propertyPath: m_LocalPosition.z
      value: -265
      objectReference: {fileID: 0}
    - target: {fileID: 4162652516805250, guid: 5ada688e30df70d408e52a4adcfbc87c, type: 2}
      propertyPath: m_LocalRotation.x
      value: 0
      objectReference: {fileID: 0}
    - target: {fileID: 4162652516805250, guid: 5ada688e30df70d408e52a4adcfbc87c, type: 2}
      propertyPath: m_LocalRotation.y
      value: -1
      objectReference: {fileID: 0}
    - target: {fileID: 4162652516805250, guid: 5ada688e30df70d408e52a4adcfbc87c, type: 2}
      propertyPath: m_LocalRotation.z
      value: 0
      objectReference: {fileID: 0}
    - target: {fileID: 4162652516805250, guid: 5ada688e30df70d408e52a4adcfbc87c, type: 2}
      propertyPath: m_LocalRotation.w
      value: 0
      objectReference: {fileID: 0}
    - target: {fileID: 4162652516805250, guid: 5ada688e30df70d408e52a4adcfbc87c, type: 2}
      propertyPath: m_RootOrder
      value: 0
      objectReference: {fileID: 0}
    - target: {fileID: 4162652516805250, guid: 5ada688e30df70d408e52a4adcfbc87c, type: 2}
      propertyPath: m_LocalScale.x
      value: -1
      objectReference: {fileID: 0}
    - target: {fileID: 4162652516805250, guid: 5ada688e30df70d408e52a4adcfbc87c, type: 2}
      propertyPath: m_LocalScale.y
      value: 1
      objectReference: {fileID: 0}
    - target: {fileID: 4162652516805250, guid: 5ada688e30df70d408e52a4adcfbc87c, type: 2}
      propertyPath: m_LocalScale.z
      value: 1
      objectReference: {fileID: 0}
    - target: {fileID: 1557280523974654, guid: 5ada688e30df70d408e52a4adcfbc87c, type: 2}
      propertyPath: m_StaticEditorFlags
      value: 4294967295
      objectReference: {fileID: 0}
    - target: {fileID: 1266226302974040, guid: 5ada688e30df70d408e52a4adcfbc87c, type: 2}
      propertyPath: m_StaticEditorFlags
      value: 4294967295
      objectReference: {fileID: 0}
    - target: {fileID: 1417684899567180, guid: 5ada688e30df70d408e52a4adcfbc87c, type: 2}
      propertyPath: m_StaticEditorFlags
      value: 4294967295
      objectReference: {fileID: 0}
    - target: {fileID: 4162652516805250, guid: 5ada688e30df70d408e52a4adcfbc87c, type: 2}
      propertyPath: m_LocalEulerAnglesHint.y
      value: -180
      objectReference: {fileID: 0}
    - target: {fileID: 1557280523974654, guid: 5ada688e30df70d408e52a4adcfbc87c, type: 2}
      propertyPath: m_Name
      value: WoodDoor_Claw
      objectReference: {fileID: 0}
    m_RemovedComponents: []
  m_SourcePrefab: {fileID: 100100000, guid: 5ada688e30df70d408e52a4adcfbc87c, type: 2}
  m_IsPrefabAsset: 0
--- !u!1001 &2061947430
Prefab:
  m_ObjectHideFlags: 0
  serializedVersion: 2
  m_Modification:
    m_TransformParent: {fileID: 0}
    m_Modifications:
    - target: {fileID: 4787554381875368, guid: 747093b94fe2c204392dc45c3fdd3252, type: 2}
      propertyPath: m_LocalPosition.x
      value: 0.77
      objectReference: {fileID: 0}
    - target: {fileID: 4787554381875368, guid: 747093b94fe2c204392dc45c3fdd3252, type: 2}
      propertyPath: m_LocalPosition.y
      value: 1.4
      objectReference: {fileID: 0}
    - target: {fileID: 4787554381875368, guid: 747093b94fe2c204392dc45c3fdd3252, type: 2}
      propertyPath: m_LocalPosition.z
      value: -7.23
      objectReference: {fileID: 0}
    - target: {fileID: 4787554381875368, guid: 747093b94fe2c204392dc45c3fdd3252, type: 2}
      propertyPath: m_LocalRotation.x
      value: 0
      objectReference: {fileID: 0}
    - target: {fileID: 4787554381875368, guid: 747093b94fe2c204392dc45c3fdd3252, type: 2}
      propertyPath: m_LocalRotation.y
      value: -0
      objectReference: {fileID: 0}
    - target: {fileID: 4787554381875368, guid: 747093b94fe2c204392dc45c3fdd3252, type: 2}
      propertyPath: m_LocalRotation.z
      value: -0
      objectReference: {fileID: 0}
    - target: {fileID: 4787554381875368, guid: 747093b94fe2c204392dc45c3fdd3252, type: 2}
      propertyPath: m_LocalRotation.w
      value: 1
      objectReference: {fileID: 0}
    - target: {fileID: 4787554381875368, guid: 747093b94fe2c204392dc45c3fdd3252, type: 2}
      propertyPath: m_RootOrder
      value: 24
      objectReference: {fileID: 0}
    m_RemovedComponents: []
  m_SourcePrefab: {fileID: 100100000, guid: 747093b94fe2c204392dc45c3fdd3252, type: 2}
  m_IsPrefabAsset: 0
--- !u!1001 &2078415866
Prefab:
  m_ObjectHideFlags: 0
  serializedVersion: 2
  m_Modification:
    m_TransformParent: {fileID: 0}
    m_Modifications:
    - target: {fileID: 4971506966501124, guid: 628e216ca1ce4e2489f63fca451a7329, type: 2}
      propertyPath: m_LocalPosition.x
      value: 0.8
      objectReference: {fileID: 0}
    - target: {fileID: 4971506966501124, guid: 628e216ca1ce4e2489f63fca451a7329, type: 2}
      propertyPath: m_LocalPosition.y
      value: 0.014904942
      objectReference: {fileID: 0}
    - target: {fileID: 4971506966501124, guid: 628e216ca1ce4e2489f63fca451a7329, type: 2}
      propertyPath: m_LocalPosition.z
      value: -4.64
      objectReference: {fileID: 0}
    - target: {fileID: 4971506966501124, guid: 628e216ca1ce4e2489f63fca451a7329, type: 2}
      propertyPath: m_LocalRotation.x
      value: 0
      objectReference: {fileID: 0}
    - target: {fileID: 4971506966501124, guid: 628e216ca1ce4e2489f63fca451a7329, type: 2}
      propertyPath: m_LocalRotation.y
      value: -0
      objectReference: {fileID: 0}
    - target: {fileID: 4971506966501124, guid: 628e216ca1ce4e2489f63fca451a7329, type: 2}
      propertyPath: m_LocalRotation.z
      value: -0
      objectReference: {fileID: 0}
    - target: {fileID: 4971506966501124, guid: 628e216ca1ce4e2489f63fca451a7329, type: 2}
      propertyPath: m_LocalRotation.w
      value: 1
      objectReference: {fileID: 0}
    - target: {fileID: 4971506966501124, guid: 628e216ca1ce4e2489f63fca451a7329, type: 2}
      propertyPath: m_RootOrder
      value: 17
      objectReference: {fileID: 0}
    - target: {fileID: 1376272226336440, guid: 628e216ca1ce4e2489f63fca451a7329, type: 2}
      propertyPath: m_StaticEditorFlags
      value: 4294967295
      objectReference: {fileID: 0}
    m_RemovedComponents: []
  m_SourcePrefab: {fileID: 100100000, guid: 628e216ca1ce4e2489f63fca451a7329, type: 2}
  m_IsPrefabAsset: 0
--- !u!1 &2087043701
GameObject:
  m_ObjectHideFlags: 0
  m_CorrespondingSourceObject: {fileID: 0}
  m_PrefabInternal: {fileID: 0}
  serializedVersion: 6
  m_Component:
  - component: {fileID: 2087043705}
  - component: {fileID: 2087043704}
  - component: {fileID: 2087043703}
  - component: {fileID: 2087043702}
  m_Layer: 0
  m_Name: Player
  m_TagString: Untagged
  m_Icon: {fileID: 0}
  m_NavMeshLayer: 0
  m_StaticEditorFlags: 0
  m_IsActive: 1
--- !u!65 &2087043702
BoxCollider:
  m_ObjectHideFlags: 0
  m_CorrespondingSourceObject: {fileID: 0}
  m_PrefabInternal: {fileID: 0}
  m_GameObject: {fileID: 2087043701}
  m_Material: {fileID: 0}
  m_IsTrigger: 0
  m_Enabled: 1
  serializedVersion: 2
  m_Size: {x: 1, y: 1, z: 1}
  m_Center: {x: 0, y: 0, z: 0}
--- !u!23 &2087043703
MeshRenderer:
  m_ObjectHideFlags: 0
  m_CorrespondingSourceObject: {fileID: 0}
  m_PrefabInternal: {fileID: 0}
  m_GameObject: {fileID: 2087043701}
  m_Enabled: 1
  m_CastShadows: 1
  m_ReceiveShadows: 1
  m_DynamicOccludee: 1
  m_MotionVectors: 1
  m_LightProbeUsage: 1
  m_ReflectionProbeUsage: 1
  m_RenderingLayerMask: 4294967295
  m_Materials:
  - {fileID: 10303, guid: 0000000000000000f000000000000000, type: 0}
  m_StaticBatchInfo:
    firstSubMesh: 0
    subMeshCount: 0
  m_StaticBatchRoot: {fileID: 0}
  m_ProbeAnchor: {fileID: 0}
  m_LightProbeVolumeOverride: {fileID: 0}
  m_ScaleInLightmap: 1
  m_PreserveUVs: 0
  m_IgnoreNormalsForChartDetection: 0
  m_ImportantGI: 0
  m_StitchLightmapSeams: 0
  m_SelectedEditorRenderState: 3
  m_MinimumChartSize: 4
  m_AutoUVMaxDistance: 0.5
  m_AutoUVMaxAngle: 89
  m_LightmapParameters: {fileID: 0}
  m_SortingLayerID: 0
  m_SortingLayer: 0
  m_SortingOrder: 0
--- !u!33 &2087043704
MeshFilter:
  m_ObjectHideFlags: 0
  m_CorrespondingSourceObject: {fileID: 0}
  m_PrefabInternal: {fileID: 0}
  m_GameObject: {fileID: 2087043701}
  m_Mesh: {fileID: 10202, guid: 0000000000000000e000000000000000, type: 0}
--- !u!4 &2087043705
Transform:
  m_ObjectHideFlags: 0
  m_CorrespondingSourceObject: {fileID: 0}
  m_PrefabInternal: {fileID: 0}
  m_GameObject: {fileID: 2087043701}
  m_LocalRotation: {x: 0, y: 0, z: 0, w: 1}
  m_LocalPosition: {x: 0.937, y: 1, z: -1.5}
  m_LocalScale: {x: 1, y: 2, z: 1}
  m_Children: []
  m_Father: {fileID: 0}
  m_RootOrder: 5
  m_LocalEulerAnglesHint: {x: 0, y: 0, z: 0}
--- !u!1001 &2116280323
Prefab:
  m_ObjectHideFlags: 0
  serializedVersion: 2
  m_Modification:
    m_TransformParent: {fileID: 0}
    m_Modifications:
    - target: {fileID: 4686195915702666, guid: d4673a3303fbf8c499fa745f9d5d369e, type: 2}
      propertyPath: m_LocalPosition.x
      value: 0.7991
      objectReference: {fileID: 0}
    - target: {fileID: 4686195915702666, guid: d4673a3303fbf8c499fa745f9d5d369e, type: 2}
      propertyPath: m_LocalPosition.y
      value: 0
      objectReference: {fileID: 0}
    - target: {fileID: 4686195915702666, guid: d4673a3303fbf8c499fa745f9d5d369e, type: 2}
      propertyPath: m_LocalPosition.z
      value: -4.6659
      objectReference: {fileID: 0}
    - target: {fileID: 4686195915702666, guid: d4673a3303fbf8c499fa745f9d5d369e, type: 2}
      propertyPath: m_LocalRotation.x
      value: 0
      objectReference: {fileID: 0}
    - target: {fileID: 4686195915702666, guid: d4673a3303fbf8c499fa745f9d5d369e, type: 2}
      propertyPath: m_LocalRotation.y
      value: -0
      objectReference: {fileID: 0}
    - target: {fileID: 4686195915702666, guid: d4673a3303fbf8c499fa745f9d5d369e, type: 2}
      propertyPath: m_LocalRotation.z
      value: -0
      objectReference: {fileID: 0}
    - target: {fileID: 4686195915702666, guid: d4673a3303fbf8c499fa745f9d5d369e, type: 2}
      propertyPath: m_LocalRotation.w
      value: 1
      objectReference: {fileID: 0}
    - target: {fileID: 4686195915702666, guid: d4673a3303fbf8c499fa745f9d5d369e, type: 2}
      propertyPath: m_RootOrder
      value: 15
      objectReference: {fileID: 0}
    - target: {fileID: 1348309290374450, guid: d4673a3303fbf8c499fa745f9d5d369e, type: 2}
      propertyPath: m_StaticEditorFlags
      value: 4294967295
      objectReference: {fileID: 0}
    m_RemovedComponents: []
  m_SourcePrefab: {fileID: 100100000, guid: d4673a3303fbf8c499fa745f9d5d369e, type: 2}
  m_IsPrefabAsset: 0
--- !u!4 &2116280324 stripped
Transform:
  m_CorrespondingSourceObject: {fileID: 4686195915702666, guid: d4673a3303fbf8c499fa745f9d5d369e,
    type: 2}
  m_PrefabInternal: {fileID: 2116280323}
